<record><leader>00000cas a2200000 a 4500</leader><controlfield tag="001">36481398</controlfield><controlfield tag="008">970304d19041904miudn n       0    0eng c</controlfield><datafield ind1=" " ind2=" " tag="010"><subfield code="a">sn 97063180 </subfield></datafield><datafield ind1=" " ind2=" " tag="040"><subfield code="a">MHN</subfield><subfield code="b">eng</subfield><subfield code="c">MHN</subfield><subfield code="d">OCL</subfield><subfield code="d">OCLCQ</subfield><subfield code="d">OCLCF</subfield><subfield code="d">OCLCO</subfield></datafield><datafield ind1=" " ind2=" " tag="042"><subfield code="a">pcc</subfield></datafield><datafield ind1=" " ind2=" " tag="043"><subfield code="a">n-us-mi</subfield></datafield><datafield ind1="0" ind2="0" tag="245"><subfield code="a">Ypsilanti evening press.</subfield></datafield><datafield ind1=" " ind2=" " tag="260"><subfield code="a">Ypsilanti, Mich. :</subfield><subfield code="b">[s.n.]</subfield></datafield><datafield ind1=" " ind2=" " tag="300"><subfield code="a">v.</subfield></datafield><datafield ind1=" " ind2=" " tag="310"><subfield code="a">Daily (except Sun.)</subfield></datafield><datafield ind1="0" ind2=" " tag="362"><subfield code="a">Vol. 1, no. 1 (Mar. 10, 1904)-v. 1, no. 256 (Dec. 31, 1904).</subfield></datafield><datafield ind1=" " ind2="0" tag="651"><subfield code="a">Ypsilanti (Mich.)</subfield><subfield code="v">Newspapers.</subfield></datafield><datafield ind1=" " ind2="0" tag="651"><subfield code="a">Washtenaw County (Mich.)</subfield><subfield code="v">Newspapers.</subfield></datafield><datafield ind1=" " ind2="7" tag="655"><subfield code="a">Newspapers.</subfield><subfield code="2">fast</subfield><subfield code="0">(OCoLC)fst01423814</subfield></datafield><datafield ind1=" " ind2="7" tag="651"><subfield code="a">Michigan</subfield><subfield code="z">Washtenaw County.</subfield><subfield code="2">fast</subfield><subfield code="0">(OCoLC)fst01214739</subfield></datafield><datafield ind1=" " ind2="7" tag="651"><subfield code="a">Michigan</subfield><subfield code="z">Ypsilanti.</subfield><subfield code="2">fast</subfield><subfield code="0">(OCoLC)fst01207443</subfield></datafield><datafield ind1=" " ind2=" " tag="752"><subfield code="a">United States</subfield><subfield code="b">Michigan</subfield><subfield code="c">Washtenaw</subfield><subfield code="d">Ypsilanti.</subfield></datafield><datafield ind1="0" ind2="0" tag="785"><subfield code="t">Ypsilanti daily press (Ypsilanti, Mich. : 1905)</subfield><subfield code="w">(DLC)sn 97063181</subfield><subfield code="w">(OCoLC)36481489</subfield></datafield></record>